<?xml version="1.0" encoding="UTF-8"?><record xmlns="http://www.loc.gov/MARC21/slim" xmlns:cinclude="http://apache.org/cocoon/include/1.0" xmlns:zs="http://www.loc.gov/zing/srw/">
  <leader>00424nz  a2200133n  4500</leader>
  <controlfield tag="001">no 97018060 </controlfield>
  <controlfield tag="003">DLC</controlfield>
  <controlfield tag="005">19970322053350.4</controlfield>
  <controlfield tag="008">970321n| acannaab|          |n aaa     c</controlfield>
  <datafield tag="010" ind1=" " ind2=" ">
    <subfield code="a">no 97018060 </subfield>
  </datafield>
  <datafield tag="035" ind1=" " ind2=" ">
    <subfield code="a">(OCoLC)oca04300374 </subfield>
  </datafield>
  <datafield tag="040" ind1=" " ind2=" ">
    <subfield code="a">IEN</subfield>
    <subfield code="c">IEN</subfield>
  </datafield>
  <datafield tag="100" ind1="1" ind2="0">
    <subfield code="a">Souffret, François</subfield>
  </datafield>
  <datafield tag="670" ind1=" " ind2=" ">
    <subfield code="a">Souffret, François. De la disparité physique &amp; mentale des races humaines &amp; de ses principes, 1891:</subfield>
    <subfield code="b">t.p. (François Souffret)</subfield>
  </datafield>
</record>